<?xml version="1.0" encoding="UTF-8"?>
<collection xmlns:xsi="http://www.w3.org/2001/XMLSchema-instance" xsi:schemaLocation="http://www.loc.gov/MARC21/slim http://www.loc.gov/standards/marcxml/schema/MARC21slim.xsd" xmlns="http://www.loc.gov/MARC21/slim">
<record>
  <leader>01693cam a2200349 a 4500</leader>
  <controlfield tag="001">4774005</controlfield>
  <controlfield tag="003">NNC</controlfield>
  <controlfield tag="005">20140127004616.0</controlfield>
  <controlfield tag="008">930107s1989    ir       b    000 0 ara  </controlfield>
  <datafield tag="010" ind1=" " ind2=" ">
    <subfield code="a">  91933786/ne/r96</subfield>
  </datafield>
  <datafield tag="035" ind1=" " ind2=" ">
    <subfield code="a">(OCoLC)30515537</subfield>
  </datafield>
  <datafield tag="035" ind1=" " ind2=" ">
    <subfield code="a">(OCoLC)ocm30515537</subfield>
  </datafield>
  <datafield tag="035" ind1=" " ind2=" ">
    <subfield code="a">(NNC)4774005</subfield>
  </datafield>
  <datafield tag="040" ind1=" " ind2=" ">
    <subfield code="a">DLC-R</subfield>
    <subfield code="c">DLC-R</subfield>
    <subfield code="d">DLC-R</subfield>
  </datafield>
  <datafield tag="050" ind1="0" ind2="0">
    <subfield code="a">LAW &lt;ISLAM 7 Ibn.M 1990&gt;</subfield>
  </datafield>
  <datafield tag="066" ind1=" " ind2=" ">
    <subfield code="c">(3</subfield>
  </datafield>
  <datafield tag="100" ind1="1" ind2=" ">
    <subfield code="6">880-01</subfield>
    <subfield code="a">Ibn al-Muṭahhar al-Ḥillī, al-Ḥasan ibn Yūsuf,</subfield>
    <subfield code="d">1250-1325.</subfield>
  </datafield>
  <datafield tag="245" ind1="1" ind2="0">
    <subfield code="6">880-02</subfield>
    <subfield code="a">Nihāyat al-iḥkām fī maʻrifat al-aḥkām /</subfield>
    <subfield code="c">taʾlīf al-Ḥasan ibn Yūsuf ibn ʻAlī al-Muṭahhar al-Ḥillī ; taḥqīq Mahdī al-Rajāʾī.</subfield>
  </datafield>
  <datafield tag="260" ind1=" " ind2=" ">
    <subfield code="6">880-03</subfield>
    <subfield code="a">Qumm :</subfield>
    <subfield code="b">Muʾassasat Ismāʻīliyān,</subfield>
    <subfield code="c">1410 [1989 or 1990]</subfield>
  </datafield>
  <datafield tag="300" ind1=" " ind2=" ">
    <subfield code="a">2 v. ;</subfield>
    <subfield code="c">25 cm.</subfield>
  </datafield>
  <datafield tag="490" ind1="1" ind2=" ">
    <subfield code="6">880-04</subfield>
    <subfield code="a">Muʾassasat Āl al-Bayt li-Iḥyāʾ al-Turāth ;</subfield>
    <subfield code="v">7-8</subfield>
  </datafield>
  <datafield tag="500" ind1=" " ind2=" ">
    <subfield code="a">Reprint.</subfield>
  </datafield>
  <datafield tag="504" ind1=" " ind2=" ">
    <subfield code="a">Includes bibliographical references.</subfield>
  </datafield>
  <datafield tag="650" ind1=" " ind2="0">
    <subfield code="a">Islamic law</subfield>
    <subfield code="v">Early works to 1800.</subfield>
  </datafield>
  <datafield tag="650" ind1=" " ind2="0">
    <subfield code="a">Shīʻah</subfield>
    <subfield code="v">Early works to 1800.</subfield>
  </datafield>
  <datafield tag="700" ind1="1" ind2=" ">
    <subfield code="6">880-05</subfield>
    <subfield code="a">Rajāʼī, Mahdī.</subfield>
  </datafield>
  <datafield tag="880" ind1="0" ind2=" ">
    <subfield code="6">100-01/(3/r</subfield>
    <subfield code="a">ابن المطهر الحلي، الحسن بن يوسف,</subfield>
    <subfield code="d">1250-1325.</subfield>
  </datafield>
  <datafield tag="880" ind1="1" ind2="0">
    <subfield code="6">245-02/(3/r</subfield>
    <subfield code="a">نهاية الإحكام في معرفة الأحكام /</subfield>
    <subfield code="c">تأليف الحسن بن يوسف بن علي المطهر الحلي ؛ تحقيق مهدي الرجائي.</subfield>
  </datafield>
  <datafield tag="880" ind1=" " ind2=" ">
    <subfield code="6">260-03/(3/r</subfield>
    <subfield code="a">قم :</subfield>
    <subfield code="b">مؤسسة اسماعيليان،</subfield>
    <subfield code="c">1410 [1989 or 1990].</subfield>
  </datafield>
  <datafield tag="880" ind1="1" ind2=" ">
    <subfield code="6">490-04/(3/r</subfield>
    <subfield code="a">مؤسسة آل البيت لإحياء التراث ؛</subfield>
    <subfield code="v">7-8</subfield>
  </datafield>
  <datafield tag="880" ind1="1" ind2=" ">
    <subfield code="6">700-05/(3/r</subfield>
    <subfield code="a">رجائي، مهدي.</subfield>
  </datafield>
  <datafield tag="830" ind1=" " ind2="0">
    <subfield code="a">Muʼassasat Āl al-Bayt li-Iḥyāʼ al-Turāth (Series) ;</subfield>
    <subfield code="v">7-8.</subfield>
  </datafield>
  <datafield tag="955" ind1=" " ind2=" ">
    <subfield code="b">0064040895</subfield>
    <subfield code="d">glx</subfield>
    <subfield code="e">KBL .I25458 1989g</subfield>
    <subfield code="v">v.2</subfield>
  </datafield>
</record>
</collection>